@misc{LHC_CERN,
  author={{CERN}},
  title={{The Large Hadron Collider}},
  year = {2018},
  howpublished={\url{https://home.cern/topics/large-hadron-collider}}
}
@book{Griffiths,
	author = {{D. Griffiths}},
	title = {{Introduction to Elementary Particles}},
	publisher = {{WILEY-VCH Verlag GmbH \& Co. KGaA, Weinheim}},
	year = {2010},
	note = {{Second Edition}},
	isbn = "978-3-527-40601-2"
}
@article{GoldFoil,
      author         = {{E. Rutherford}},
      title          = "{The scattering of alpha and beta particles by matter and
                        the structure of the atom}",
      journal        = "Phil. Mag. Ser.6",
      volume         = "21",
      year           = "1911",
      pages          = "669-688",
      doi            = "10.1080/14786440508637080"
}
@misc{SM,
  author={{MissMJ}},
  title={{Standard Model of Elementary Particles}},
  note={Licensed under the Creative Commons Attribution 3.0 Unported license},
  howpublished={\url{https://commons.wikimedia.org/wiki/File:Standard_Model_of_Elementary_Particles.svg}}
}
@article{PDG,
      author         = "{C. Patrignani et al. (Particle Data Group)}",
      title          = "{Review of Particle Physics}",
      journal        = "Chin. Phys.",
      volume         = "C40",
      year           = "2016",
      number         = "10",
      pages          = "100001",
      doi            = "10.1088/1674-1137/40/10/100001"
}
@article{PDG2017,
      author         = "{C. Patrignani et al. (Particle Data Group)}",
      title          = "{Review of Particle Physics}",
      journal        = "Chin. Phys.",
      volume         = "C40",
      year           = "2016",
      number         = "10",
      pages          = "100001",
      note 	     = "2017 update"
}
@article{QED,
title = {{Electromagnetic and weak interactions}},
journal = "Physics Letters",
volume = "13",
number = "2",
pages = "168-171",
year = "1964",
issn = "0031-9163",
doi = "https://doi.org/10.1016/0031-9163(64)90711-5",
url = "http://www.sciencedirect.com/science/article/pii/0031916364907115",
author = "{A. Salam, J.C. Ward}"
}
@article{QED2,
  title = {{A Model of Leptons}},
  author = {{S. Weinberg}},
  journal = {Phys. Rev. Lett.},
  volume = {19},
  issue = {21},
  pages = {1264-1266},
  numpages = {0},
  year = {1967},
  month = nov,
  publisher = {American Physical Society},
  doi = {10.1103/PhysRevLett.19.1264},
  url = {https://link.aps.org/doi/10.1103/PhysRevLett.19.1264}
}
@article{QED3,
title = {{Partial-symmetries of weak interactions}},
journal = "Nuclear Physics",
volume = "22",
number = "4",
pages = "579-588",
year = "1961",
issn = "0029-5582",
doi = "https://doi.org/10.1016/0029-5582(61)90469-2",
url = "http://www.sciencedirect.com/science/article/pii/0029558261904692",
author = "Sheldon L. Glashow"
}
@article{QCD,
author = {{A. Salam, J. C. Ward}},
year = {1964},
month = {11},
pages = {165-170},
title = {{On a Gauge Theory of Elementary Interactions}},
volume = {19},
journal = {Physical Review}
}
@article{QCD2,
      author         = "{M. Gell-Mann}",
      title          = "{The Eightfold Way: A Theory of strong interaction symmetry}",
      year           = "1961",
      journal   = "CTSL-20, TID-12608"
}
@article{ILC_cross,
  author={{X. Mo et al.}},
  title={Physics cross sections and event generation of e+ e- annihilations at the CEPC},
  journal={Chinese Physics C},
  volume={40},
  number={3},
  pages={033001},
  url={http://stacks.iop.org/1674-1137/40/i=3/a=033001},
  year={2016}
}
@misc{LHC_cross,
  author={{J. Stirling, Imperial College London}},
  title={{Parton Luminosity and Cross Section Plots}},
  howpublished={\url{http://www.hep.ph.ic.ac.uk/~wstirlin/plots/crosssections2012_v5.pdf}}
}
@PHDTHESIS{Vogel,
      author       = {{A. Vogel}},
      title        = {{B}eam-{I}nduced {B}ackgrounds in {D}etectors at the {ILC}},
      journal      = {DESY Thesis},
      reportid     = {PHPPUBDB-8643, DESY-THESIS-2008-036},
      year         = {2008},
      note         = {Universität Hamburg, Diss., 2008},
      keywords     = {Dissertation},
      cin          = {FLC-EXP},
      cid          = {I:(DE-H253)FLC-20120731},
      pnm          = {Facility (machine) ILC $R\&D$ (POF1-510)},
      pid          = {G:(DE-H253)POF1-ILC-20130405},
      experiment   = {EXP:(DE-H253)ILC(machine)-20150101},
      typ          = {PUB:(DE-HGF)11 / PUB:(DE-HGF)15},
      doi          = {10.3204/DESY-THESIS-2008-036},
      url          = {https://bib-pubdb1.desy.de/record/84444},
}
@article{Beamstrahlung_CLIC,
title = "{Beam parameter optimization at CLIC using the process e+ e- ->HZ->Hqq at 380GeV}",
journal = "{Nuclear Instruments and Methods in Physics Research Section A: Accelerators, Spectrometers, Detectors and Associated Equipment}",
volume = "842",
pages = "76-85",
year = "2017",
issn = "0168-9002",
doi = "https://doi.org/10.1016/j.nima.2016.10.046",
url = "http://www.sciencedirect.com/science/article/pii/S0168900216310919",
author = "F. Andrianala and R. Raboanary and P. Roloff and D. Schulte"
}
@phdthesis{AndreSailer,
      author         = "{A. Sailer}",
      title          = "{Radiation and Background Levels in a CLIC Detector due to
Beam-Beam Effects, Optimisation of Detector Geometries and Technologies}",
      institute         = "Humboldt-Universität zu Berlin",
      year           = "2012",
      url            = "https://edoc.hu-berlin.de/bitstream/handle/18452/17305/sailer.pdf?sequence=1"
}
@article{PairBkg_cross_section,
title = "{Beam-beam phenomena in linear colliders}",
journal = "{Frontiers of Particle Beams, Lecture Notes in Physics}",
volume = "400",
year = "1992",
publisher = {{Berlin Springer Verlag}},
editor  = {{M. Dienes et al.}},
author = "{K. Yokoya et al.}"
}
@article{Rutherford,
author = {{E. Rutherford}},
title = {{Collision of alpha particles with light atoms. IV. An anomalous effect in nitrogen}},
journal = {{The London, Edinburgh, and Dublin Philosophical Magazine and Journal of Science}},
volume = {37},
number = {222},
pages = {581-587},
year  = {1919},
publisher = {Taylor \& Francis},
doi = {10.1080/14786440608635919}
}
@book{Wilson,
	author = {{E. Wilson}},
	title = {{An Introduction to Particle Accelerators}},
	publisher = {{Oxford University Press}},
	year = {2001},
	note = {{First Edition}},
	isbn = {0-19-850829-8}
}
@misc{Anke,
  author={{Prof. Dr. A.-S. M\"uller}},
  title={{Phase focusing}},
  howpublished={{Illustrations in lecture about Accelerator Physics held at Karlsruhe Institute of Technology (KIT), Karlsruhe}},
  year={2012}
}
@misc{QuadrupoleField,
  author={{Andre.holzner}},
  title={Magnetic field of an idealized quadrupole with forces},
  year={2012},
  note={Licensed under the Creative Commons Attribution 3.0 Unported license},
  howpublished={\url{https://en.wikipedia.org/wiki/File:Magnetic_field_of_an_idealized_quadrupole_with_forces.svg}}
}
@book{Livingston,
	author = {{M. S. Livingston, J. P. Blewett}},
	title = {{An Introduction to Particle Accelerators}},
	publisher = {{McGraw-Hill Bool Compancy, Inc.}},
	year = {1962}
}
@book{Hinterberger,
	author = {{F. Hinterberger}},
	title = {{Physik der Teilchenbeschleuniger und Ionenoptik}},
	publisher = {{Springer-Verlag Berlin Heidelberg}},
	year = {2008},
	note = {{Second Edition}},
	isbn = "978-3-540-75281-3",
	doi = "10.1007/978-3-540-75282-0"
}
@book{VacuumElectronics,
	author = {{J. Eichmeier, M. Thumm}},
	title = {{Vacuum Electronics: Components and Devices}},
	publisher = {{Springer-Verlag Berlin Heidelberg}},
	year = {2008},
	isbn = "978-3-540-71928-1"
}
@misc{Desy_SummerStudent_Lecture,
  author       = {{Pedro Castro, Accelerator Physics Group (MPY), DESY}}, 
  title        = {{Introduction to Accelerator Physics}},
  howpublished = {DESY Summer Student Programme 2013 - Common Lectures and HEP Lectures, \url{https://indico.desy.de/getFile.py/access?contribId=4&resId=0&materialId=slides&confId=7744}},
  year         = 2013,
  month        = jul
}
@book{Wiedemann,
	author = {{H. Wiedemann}},
	title = {{Particle Accelerator Physics}},
	publisher = {{Springer-Verlag Berlin Heidelberg}},
	year = {2007},
	note = {{Third Edition}},
	isbn = "978-3-540-49043-2"
}
@book{Wangler,
	author = {{T. Wangler}},
	title = {{RF Linear Accelerators}},
	publisher = {{WILEY-VCH Verlag GmbH \& Co. KGaA, Weinheim}},
	year = {2008},
	note = {{Second Edition}},
	isbn = "978-3-527-40680-7"
}
@book{Conte,
	author = {{M. Conte, W. MacKay}},
	title = {{An Introduction to the Physics of Particle Accelerators}},
	publisher = {{World Scientific Publishing Co. Pte. Ltd., Singapore}},
	year = {2008},
	note = {{Second Edition}},
	isbn = "981-27-7960-4"
}
@misc{Bunching,
      title         = "{Electron source for Linear Colliders}",
      author	    = {{M. Kuriki}},
      month         = dec,
      year          = "2016",
      url           = "https://agenda.linearcollider.org/event/7333/contributions/38081/attachments/31043/46497/MKA2-1.pdf",
     note = "10th International Accelerator School for Linear Colliders"
}
@inproceedings{LHC_Paper,
  title = {{Approaching Nominal Performance at LHC}},
  year = {2017},
  author = {{J. Wenninger, CERN}},
  organization = {{Proceedings of IPAC2017, Copenhagen, Denmark}},
  note = {ISBN: 978-3-95450-182-3},
  url = {http://accelconf.web.cern.ch/AccelConf/ipac2017/papers/moyaa1.pdf}
}
@book{Wille,
	author = {{K. Wille}},
	title = {{The Physics of Particle Accelerators: An Introduction}},
	publisher = {{Oxford University Press}},
	year = {2000},
	isbn = "0-19-8505550-7"
}
@article{charm,
  title = {{Discovery of a Narrow Resonance in e+ e- Annihilation}},
  author = {{J.-E. Augustin et al.}},
  journal = {{Phys. Rev. Lett.}},
  volume = {33},
  issue = {23},
  pages = {1406-1408},
  numpages = {0},
  year = {1974},
  month = {Dec},
  publisher = {American Physical Society},
  doi = {10.1103/PhysRevLett.33.1406},
  url = {https://link.aps.org/doi/10.1103/PhysRevLett.33.1406}
}
@article{tau,
  title = {{Evidence for Anomalous Lepton Production in e+ e- Annihilation}},
  author = {M. Perl et al.},
  journal = {{Phys. Rev. Lett.}},
  volume = {35},
  issue = {22},
  pages = {1489-1492},
  numpages = {0},
  year = {1975},
  month = dec,
  publisher = {American Physical Society},
  doi = {10.1103/PhysRevLett.35.1489},
  url = {https://link.aps.org/doi/10.1103/PhysRevLett.35.1489}
}
@misc{SPEAR,
      title         = "{SPEAR History}",
      author        = {{SLAC National Accelerator Laboratory, Menlo Park, CA}},
      url           = "https://www-ssrl.slac.stanford.edu/content/spear3/spear-history"
}
@misc{LEP,
      title         = "{The Large Electron-Positron Collider}",
      month         = jul,
      year          = "2012",
      url           = "https://home.cern/about/accelerators/large-electron-positron-collider",
     note = "Archived on the CERN Document Server: \url{http://cds.cern.ch/record/1997351}"
}
@proceedings{Richter,
      author         = {{B. Richter et al.}},
      title	     = "Limitations on performance of e+e- storage rings and linear collider beam systems at high energy",
      note          = "Proceedings of the workshop on possibilities and
                        limitations of accelerators and detectors, held at Fermi
                        National Accelerator Laboratory, October 15-21, 1978",
      organization   = "Fermi National Accelerator Laboratory",
      publisher      = "Fermi National Accelerator Laboratory",
      address        = "Batavia, IL",
      year           = "1979",
      url            = "http://www.slac.stanford.edu/spires/find/books/www?cl=QCD183:I22:1978"
}
@book{Schopper,
	author = {{H. Schopper}},
	title = {{LEP - The Lord of the Collider Rings at CERN 1980-2000: The Making, Operation and Legacy of the World's Largest Scientific Instrument}},
	year = {2009},
	publisher = {{Springer Science \& Business Media}},
	isbn = "978-3-540-89300-4"
}
@article{Polarization,
  title = {Photon and Electron Polarization in High-Energy Bremsstrahlung and Pair Production with Screening},
  author = {{Olsen, H. and Maximon, L. C.}},
  journal = {Phys. Rev.},
  volume = {114},
  issue = {3},
  pages = {887-904},
  numpages = {0},
  year = {1959},
  month = may,
  publisher = {American Physical Society},
  doi = {10.1103/PhysRev.114.887},
  url = {https://link.aps.org/doi/10.1103/PhysRev.114.887}
}
@misc{Ushakov,
  author       = {{A. Ushakov}}, 
  title        = {{Yield Estimation of Undulator Positron Source}},
  howpublished = "Talk at LCWS17 in Strasbourg, \url{https://agenda.linearcollider.org/event/7645/contributions/40012/attachments/32382/49171/Ushakov-LCWS17.pdf}",
  year         = 2017,
  month        = oct
}
@misc{XFEL,
  author       = {{European X-Ray Free-Electron Laser Facility GmbH}}, 
  title        = {{The European XFEL}},
  url  	       = {https://www.xfel.eu/index_eng.html}
}
@misc{Walker,
  author       = {{N. Walker}}, 
  title        = {{The European XFEL - Experience and Lessons Learned}},
  howpublished = "Talk at LCWS17 in Strasbourg, \url{https://agenda.linearcollider.org/event/7645/contributions/39682/attachments/32185/48802/LCWS17-NJW.pdf}",
  year         = 2017,
  month        = oct,
  day		= "23"
}
@article{XFEL_Cavities,
  title = {Performance in the vertical test of the 832 nine-cell 1.3 GHz cavities for the European X-ray Free Electron Laser},
  author = {Reschke, D. and Gubarev, V. and Schaffran, J. and Steder, L. and Walker, N. and Wenskat, M. and Monaco, L.},
  journal = {Phys. Rev. Accel. Beams},
  volume = {20},
  issue = {4},
  pages = {042004},
  numpages = {31},
  year = {2017},
  month = apr,
  publisher = {American Physical Society},
  doi = {10.1103/PhysRevAccelBeams.20.042004},
  url = {https://link.aps.org/doi/10.1103/PhysRevAccelBeams.20.042004}
}
@misc{LHC_TDR,
  author       = {{O. Br\"uning, et al.}}, 
  title        = {{LHC Design Report, Volume I}},
  howpublished = "CERN-2004-003-V-1, \url{https://cds.cern.ch/record/782076/files/CERN-2004-003-V1-ft.pdf}",
  year         = 2004
}
@misc{LHC_Parameters,
  author       = {{ATLAS collaboration}}, 
  title        = {{Characterization of Interaction-Point Beam Parameters Using the
pp Event-Vertex Distribution Reconstructed in the ATLAS Detector at theLHC}},
  howpublished = "ATLAS-CONF-2010-027, \url{http://cds.cern.ch/record/1277659/files/ATLAS-CONF-2010-027.pdf}",
  year         = 2010,
  month        = may,
  day		= {17}
}
@misc{Crab_cavities,
  author={{G. Burt et al.}},
  title={Crab cavities for linear colliders},
  howpublished={{arXiv:0810.2880 [physics.acc-ph]}},
  year={2008}
}
@misc{Cost_reduction,
  author={{M. Stanitzki, N. Walker (DESY)}},
  title={{Cost reduction of the ILC 250GeV stage}},
  howpublished={Private communication},
  year={2017},
  month=dec
}
@misc{ICFA_Statement,
  author       = {{ICFA panel}}, 
  title        = {{ICFA Statement on the ILC Operating at 250 GeV as a Higgs Boson Factory}},
  howpublished = "LCB Conclusion Report, \url{http://icfa.fnal.gov/wp-content/uploads/ICFA-Statement-Nov2017.pdf}",
  year         = 2017,
  month        = nov
}
@misc{Staging,
  author       = {{S. Michizono}}, 
  title        = {{ILC accelerator status and optimization}},
  howpublished = "Talk at LCWS17 in Strasbourg, \url{https://agenda.linearcollider.org/event/7645/contributions/39680/attachments/32180/48800/LCWS2017v3.pdf}",
  year         = 2017,
  month        = oct,
  day		= {23}
}
@misc{PhysicsCase,
  author       = {{K. Fujii et al.}}, 
  title        = {{Physics Case for the 250 GeV Stage of the International Linear Collider}},
  howpublished = "arXiv:1710.07621v2, \url{https://arxiv.org/pdf/1710.07621.pdf}",
  year         = 2017,
  month        = nov,
  day		= {3}
}
@misc{PhysicsCase_Junping,
  author       = {{J. Tian, K. Fujii}}, 
  title        = {{Measurement of Higgs couplings and self-coupling at the ILC}},
  howpublished = "arXiv:1311.6528, \url{https://arxiv.org/pdf/1311.6528.pdf}",
  year         = 2013,
  month        = nov
}
@misc{HiggsCouplings_Junping,
  author       = {{J. Tian}}, 
  title        = {{ILC 250 (focusing on Higgs physics)}},
  howpublished = "Annual ILC detector meeting, KEK, \url{https://agenda.linearcollider.org/event/7489/contributions/38316/attachments/31416/47307/ILC250_20170331_AnnualDetectorMeeting.pdf}",
  year         = 2017,
  month        = mar
}
@unpublished{ATLAS_event_display,
      author        = "{ATLAS Collaboration}",
      title         = "{Event display of a H->4e candidate event}",
      month         = jul,
      year          = "2012",
      reportNumber  = "ATLAS-PHO-COLLAB-2012-007",
      url           = "https://cds.cern.ch/record/1459495",
      note          = "General Photo"
}
@unpublished{ILD_event_display,
      author        = "{A. Miyamoto}",
      title         = "{ILC event examples with ILD simulation}",
      month         = aug,
      year          = "2016",
      url           = "http://www-jlc.kek.jp/~miyamoto/evdisp/html/250-zh-e1e1h/frontview.png"
}
@misc{Site,
  author       = {{ILC Strategy Council}}, 
  title        = {{Announcement of the results of the ILC candidate site evaluation in Japan}},
  year         = 2014,
  month        = aug,
  day 		={23},
  howpublished = {\url{http://ilc-str.jp/topics/2013/08281826/}}
}
@article{Kitakami,
  author       = {{B. Warmbein}}, 
  title        = {{The road to Kitakami}},
  journal      = {{LC Newsline - The Newsletter of the Linear Collider Community}},
  year         = 2014,
  month        = feb,
  day 		={20},
  note         = {\url{http://newsline.linearcollider.org/2014/02/20/the-road-to-kitakami/}}
}
@article{antiDiD,
    author = {{B. Parker, A. Seryi}},
    title = "{Compensation of the effects of a detector solenoid on the vertical beam orbit in a linear collider}",
	journal = {Physical Review Special Topics - Accelerators and Beams},
	year = {2005},
	volume = {8},
	pages = {041001},
	number = {4}
}
@misc{Marcels_general_SiD_slides,
  author       = {{M. Stanitzki}}, 
  title        = {{The International Linear Collider, Precision physics at the energy frontier}},
  howpublished = "\url{http://agenda.linearcollider.org/event/7389/attachments/30605/45783/pnnl.pdf}",
  year         = 2016,
  month        = sep
}
@misc{SiD_Update,
  author       = {{A. White}}, 
  title        = {{The SiD Detector - Status and Plans}},
  howpublished = "Talk at LCWS17 in Strasbourg, \url{https://agenda.linearcollider.org/event/7645/contributions/39686/attachments/32174/48776/SiD_Plenary_LCWS2017_Oct23.pdf}",
  year         = 2017,
  month        = oct,
  day		={23}
}
@misc{SiD_Update2,
  author       = {{M. Stanitzki}}, 
  title        = {{The SiD Detector at the ILC - Precision physics at the energy frontier}},
  howpublished = "Talk at High Energy Physics Conference at HKUST Jockey Club Institute for Advanced Study, \url{http://ias.ust.hk/program/shared_doc/2017/201701hep/HEP_20170125_Marcel_Stanitzki.pdf}",
  year         = 2017,
  month        = jan
}
@misc{SiD_Geo,
  author       = {{M. Oriunno}}, 
  title        = {{SiD detector visualization,  New Magnet Design pic1}},
  year         = 2016,
  howpublished = {SID Engineering Website, \url{https://confluence.slac.stanford.edu/display/SiD/SID+Engineering}}
}
@article{LoI,
      author         = "{H. Aihara et al.}",
      title          = "{SiD Letter of Intent}",
      year           = "2009",
      eprint         = "0911.0006",
      archivePrefix  = "arXiv",
      primaryClass   = "physics.ins-det"
}
@misc{PFA,
  author       = {{J.-C. Brient}}, 
  title        = {{Improving the Jet Reconstruction with the Particle Flow Method; an Introduction}},
  year         = 2004,
  howpublished = {CALOR04 conference proceedings, Perugia April 2004, \url{https://arxiv.org/abs/physics/0412149}}
}

@misc{TDR,
  author       = {{ILC GDE}}, 
  title        = {{ILC Technical Design Report}},
  year         = 2013,
  url = {https://www.linearcollider.org/ILC/Publications/Technical-Design-Report}
}
@BOOK{TDR1,
	title = {{The International Linear Collider Technical Design Report - Volume 1: Executive Summary}},
	author = {{T. Behnke et al. [ILC Collaboration]}},
	year = {2013},
    	note = {arXiv:1306.6327 [physics.acc-ph]}
}
@BOOK{TDR2,
	title = {{The International Linear Collider Technical Design Report - Volume 2: Physics}},
	author = {{H. Baer et al. [ILC Collaboration]}},
	year = {2013},
    	note = {arXiv:1306.6352 [physics.acc-ph]}
}
@BOOK{TDR31,
	title = {{The International Linear Collider Technical Design Report - Volume 3.I: Accelerator R\&D in the Technical Design Phase}},
	author = {{C. Adolphsen et al. [ILC Collaboration]}},
	year = {2013},
    note = {arXiv:1306.6353 [physics.acc-ph]}
}	
@BOOK{TDR32,
	title = {{The International Linear Collider Technical Design Report - Volume 3.II: Accelerator Baseline Design}},
	author = {{C. Adolphsen et al. [ILC Collaboration]}},
	year = {2013},
    	note = {arXiv:1306.6328 [physics.acc-ph]}
}
@BOOK{TDR4,
	title = {{The International Linear Collider Technical Design Report - Volume 4: Detectors}},
	author = {{T. Behnke et al. [ILC Collaboration]}},
	year = {2013},
    	note = {arXiv:1306.6329 [physics.acc-ph]}
}
@misc{CR-002,
  author       = {{ILC Technical and Change Management Board}}, 
  title        = {{Change Request No. ILC-CR-002, Baseline optics to provide for a single L*}},
  howpublished = "EDMS No: D*1082495",
  year         = 2014
}
@misc{CR-0016,
  author       = {{ILC Technical and Change Management Board}}, 
  title        = {{Change Request No. ILC-CR-0016, Luminosity Improvement at 250GeV CM}},
  howpublished = "EDMS No: D*1159725",
  year         = 2017,
  month        = sep
}

@misc{ILCHome,
  author = {{ILC GDE}},
  title = {{International Linear Collider}},
  howpublished = {\url{http://www.linearcollider.org/ILC}},
  year = {2013}
}

@misc{SiDBkgNote,
  author       = {{T. Barklow et al.}}, 
  title        = {{A Study of the Impact of High Cross Section ILC Processes on the SiD Detector Design}},
  howpublished = "\url{https://arxiv.org/abs/1609.07816v1}",
  year         = 2016,
  month        = sep,
  day		={25}
}

@misc{TCMB,
  author       = {{Deutsches Elektronen-Synchrotron}}, 
  title        = {{Official Website for the TCMB: "Change Management. Maintaining the ILC Technical Design"}},
  howpublished = {\url{http://ilc.desy.de/cm/}},
  year         = 2017
}

@misc{ILCPhysics,
  author       = {{K. Fuji et al.}}, 
  title        = {{Physics Case for the International Linear Collider}},
  howpublished = "\url{https://arxiv.org/abs/1506.05992v2}",
  year         = 2015,
  month        = jun,
  day 		={26}
}
@misc{ILC_Discovery,
  author       = {{K. Fuji et al.}}, 
  title        = {{The Potential of the ILC for Discovering New Particles}},
  howpublished = "\url{https://arxiv.org/abs/1702.05333}",
  year         = 2017,
  month        = feb
}
@inproceedings{MSSM,
      author         = "{H. Haber}",
      title          = "{Introductory low-energy supersymmetry}",
      booktitle      = "{Proceedings, Theoretical Advanced Study Institute (TASI
                        92): From Black Holes and Strings to Particles: Boulder,
                        USA, June 1-26, 1992}",
      year           = "1993",
      pages          = "589--686"
}
@article{ttH_coupling,
title = "{Measurement of the Higgs Boson Coupling to the Top Quark and the Higgs Boson Self-coupling at the ILC}",
journal = "{Nuclear and Particle Physics Proceedings}",
volume = "273",
pages = "2463-2465",
year = "2016",
note = "{37th International Conference on High Energy Physics (ICHEP)}",
issn = "2405-6014",
doi = "https://doi.org/10.1016/j.nuclphysbps.2015.09.426",
url = "http://www.sciencedirect.com/science/article/pii/S2405601415009153",
author = "{J. Strube}"
}
@article{WIMP,
      author         = "{Y. Chae, M. Perelstein}",
      title          = "{{Dark Matter Search at a Linear Collider: Effective
                        Operator Approach}}",
      journal        = "JHEP",
      volume         = "05",
      year           = "2013",
      pages          = "138",
      doi            = "10.1007/JHEP05(2013)138",
      eprint         = "1211.4008",
      archivePrefix  = "arXiv",
      primaryClass   = "hep-ph"
}
@misc{ILCPhysics_Thomson,
  author       = {{M. Thomson (University of Cambridge)}}, 
  title        = {{Physics and Detectors at the ILC}},
  howpublished = "\url{https://www.royalholloway.ac.uk/physics/documents/pdf/events/particlephysicsseminars/13-14markthomson23oct2013.pdf}",
  year         = 2013,
  month        = oct
}

@article{inelXsection,
    author =       {{M. Aaboud et al. [ATLAS Collaboration]}},
    title =        {{Measurement of the Inelastic Proton-Proton Cross Section at $\sqrt{s}= 13$ TeV with the ATLAS Detector at the LHC}},
  journal = {Phys. Rev. Lett.},
  volume = {117},
  issue = {18},
  pages = {182002},
  numpages = {19},
  year = {2016},
  month = oct,
  publisher = {American Physical Society},
  doi = {10.1103/PhysRevLett.117.182002},
  url = {https://link.aps.org/doi/10.1103/PhysRevLett.117.182002}
}

@article{Higgs,
title = {{Observation of a new particle in the search for the Standard Model Higgs boson with the ATLAS detector at the LHC}},
journal = "Physics Letters B",
volume = "716",
number = "1",
pages = "1 - 29",
year = "2012",
issn = "0370-2693",
doi = "https://doi.org/10.1016/j.physletb.2012.08.020",
url = "http://www.sciencedirect.com/science/article/pii/S037026931200857X",
author = {{G. Aad et al. [ATLAS Collaboration]}}
}
@article{Higgs2,
title = {{Observation of a new boson at a mass of 125 GeV with the CMS experiment at the LHC}},
journal = "Physics Letters B",
volume = "716",
number = "1",
pages = "30 - 61",
year = "2012",
issn = "0370-2693",
doi = "https://doi.org/10.1016/j.physletb.2012.08.021",
url = "http://www.sciencedirect.com/science/article/pii/S0370269312008581",
author = {{S. Chatrchyan et al. [CMS Collaboration]}}
}
@book{spieler,
  title={{Semiconductor Detector Systems}},
  author={{H. Spieler}},
  isbn={9780198527848},
  lccn={2006295669},
  series={Series on Semiconductor Science and Technology},
  url={https://books.google.de/books?id=MUMb3y37yqYC},
  year={2005},
  publisher={OUP Oxford}
}
@article{CMS_pixeldetector,
title = "{Status and Plan for The Upgrade of The CMS Pixel Detector}",
journal = "Nuclear and Particle Physics Proceedings",
pages = "1029-1033",
volume = "273",
year = "2016",
note = "37th International Conference on High Energy Physics (ICHEP)",
doi = "https://doi.org/10.1016/j.nuclphysbps.2015.09.161",
url = "http://www.sciencedirect.com/science/article/pii/S2405601415006501",
author = "{R. Lu [CMS Collaboration]}"
}
%volume = "273-275",
@phdthesis{Schulte:1997nga,
      author         = "{D. Schulte}",
      title          = "{Study of Electromagnetic and Hadronic Background in the
                        Interaction Region of the TESLA Collider}",
      institute         = "DESY",
      year           = "1997",
      url            = "http://inspirehep.net/record/888433/files/shulte.pdf",
      note   = "DESY-TESLA-97-08, TESLA-97-08"
}
@MISC{GuineaPigMan,
   title = {{GuineaPig Manual (SLAC NLC webpage version)}},
   howpublished = {\url{http://www-sldnt.slac.stanford.edu/snowmass/Software/GuineaPig/gpman.pdf}}
}
@MISC{Confluence,
	author = {{A. Sch\"utz, J. Strube}},
    title = {{Confluence page Simulation 
    of the background events for the SiD detector'}},
    howpublished = {\url{https://wikis.bris.ac.uk/display/sid/Simulation+of+the+background+events+for+the+SiD+detector}}
}
@article{geant_ref,
      author         = {{S. Agostinell et al.}},
      title          = "{GEANT4: A Simulation toolkit}",
      collaboration  = "GEANT4",
      journal        = "Nucl. Instrum. Meth. A",
      volume         = "506",
      year           = "2003",
      pages          = "250-303",
      doi            = "10.1016/S0168-9002(03)01368-8",
      reportNumber   = "SLAC-PUB-9350, FERMILAB-PUB-03-339"
}
@ARTICLE{geant_ref2,
	author = {{J. Allison et al.}},
	journal = {{IEEE Transactions on Nuclear Science}},
	title = {{Geant4 developments and applications}},
	year = {2006},
	volume = {53},
	number = {1},
	pages = {270-278},
	doi = {10.1109/TNS.2006.869826},
	ISSN = {0018-9499},
	month = feb
}
@article{Graf:2006ei,
      author         = {{N. Graf, J. McCormick}},
      title          = "{Simulator for the linear collider (SLIC): A tool for ILC
                        detector simulations}",
      booktitle      = "{Calorimetry in high energy physics. Proceedings, 12th
                        International Conference, CALOR 2006, Chicago, USA, June
                        5-9, 2006}",
      journal        = "AIP Conf. Proc.",
      volume         = "867",
      year           = "2006",
      pages          = "503-512",
      doi            = "10.1063/1.2396991",
      note           = "[,503(2006)]",
      reportNumber   = "SLAC-PUB-12350"
}
@ARTICLE{GDML,
author={{R. Chytracek et al.}},
journal={IEEE Transactions on Nuclear Science},
title={{Geometry Description Markup Language for Physics Simulation and Analysis Applications}},
year={2006},
volume={53},
number={5},
pages={2892-2896},
doi={10.1109/TNS.2006.881062},
ISSN={0018-9499},
month=oct
}
@misc{GDML_web,
  title={{Geometry Description Markup Language (GDML)}},
  author={{W. Pokorski}},
  year={2017},
  month=apr,
  howpublished = "\url{http://gdml.web.cern.ch/GDML/}"
}
@misc{stdhep,
  title={{StdHep 5.06.01}},
  author={{L. Garren}},
  year={2006},
  month=nov,
  howpublished = "\url{http://cd-docdb.fnal.gov/cgi-bin/RetrieveFile?docid=903\&filename=stdhep_50601_manual.pdf\&version=15}"
}
@misc{LCIO,
  title={{LCIO}},
  author={{F. Gaede}},
  year={2016},
  month=apr,
  howpublished = "\url{http://lcio.desy.de/}"
}
@inproceedings{LCWS17_paper,
      author         = {{A. Sch\"utz}},
      title          = "{Impact of the new ILC250 beam parameter set on the SiD
                        vertex detector occupancy arising from e$^+$e$^-$ pair
                        background}",
      booktitle      = "{International Workshop on Future Linear Collider
                        (LCWS2017) Strasbourg, France, October 23-27, 2017}",
      url            = "https://inspirehep.net/record/1647951/files/arXiv:1801.04156.pdf",
      year           = "2018",
      eprint         = "1801.04156",
      archivePrefix  = "arXiv"
}
@misc{LCWS17_TCMBmeeting,
  title={{ILC Technical and Change Management Board meeting at LCWS17}},
  author={{ILC Technical and Change Management Board, B. List}},
  year={2017},
  month=sep,
  howpublished = "\url{https://agenda.linearcollider.org/event/7645/sessions/4531/\#20171026}"
}

@MISC{Glens_muon_talk,
    author = {{G. White}},
    title = {{BDS Muon Backgrounds and Shielding}},
    year = 2016,
    month = dec,
    howpublished = {Talk at LCWS16 in Morioka, Japan, \url{https://agenda.linearcollider.org/event/7371/contributions/38120/attachments/30983/46387/ILC_muons.pptx}}
}
@MISC{Lewis,
    author = {{L. Keller (SLAC)}},
    title = {{Results from MUCARLO simulations}},
    howpublished = {{Private email conversation}}
}
@MISC{Mucarlo,
    author = {{S. Rokni, L. Keller, W. Nelson}},
    title = {{Calculation of Muon Background in Electron Accelerators using the Monte Carlo Computer Program MUCARLO}},
    year = {1995},
    howpublished = {\url{http://www.slac.stanford.edu/cgi-wrap/getdoc/slac-pub-7054.pdf}}
}
@MISC{MuonBkg_05TeV,
    author = {{L. Keller}},
    title = {{Muon Background in a 0.5 TeV Linear Collider}},
    year = {1991},
    howpublished = {\url{http://www.slac.stanford.edu/pubs/slacpubs/5500/slac-pub-5533.pdf}}
}
@MISC{MuonBkg_1TeV,
    author = {{L. Keller}},
    title = {{Muon Background in a 1.0 TeV Linear Collider}},
    year = {1993},
    howpublished = {\url{http://www.slac.stanford.edu/pubs/slacpubs/6250/slac-pub-6385.pdf}}
}
@MISC{Turtle,
    author = {{U. Rohrer}},
    title = {{Graphic Turtle Framework}},
    howpublished = {\url{http://aea.web.psi.ch/Urs_Rohrer/MyWeb/turtle.htm}}
}
@article{MuonShielding,
      author         = "{A. Drozhdin et al.}",
      title          = "{Suppression of muon backgrounds generated in the ILC
                        beam delivery system}",
      booktitle      = "{Particle accelerator. Proceedings, 22nd Conference,
                        PAC'07, Albuquerque, USA, June 25-29, 2007}",
      journal        = "Conf. Proc.",
      volume         = "C070625",
      year           = "2007",
      pages          = "2945",
      doi            = "10.2172/922037, 10.1109/PAC.2007.4440629",
      note           = "PAC07-THPMN100, SLAC-PUB-12741, FERMILAB-CONF-07-276-AD"
}
@article{BDS_coll_design,
author = {{B.Fell et al.}},
year = {2018},
month = {03},
title = {{Mechanical Design of Collimators for the ILC}},
note = {{EUROTeV-Report-2008-044}},
url = {https://www.researchgate.net/publication/30419377_Mechanical_Design_of_Collimators_for_the_ILC}
}
@MISC{Wired4,
    author = {{FreeHep}},
    title = {{WIRED4 - World-Wide Web Interactive Remote Event Display}},
    howpublished = {\url{http://wired4.freehep.org/}}
}

@MISC{ATF,
    author = {{KEK-ATF}},
    title = {{Accelerator Test Facility (ATF)}},
    year = {2015},
    howpublished = {\url{http://atf.kek.jp/twiki/bin/view/Public/TopPageE?redirectedfrom=Public.WebHome}}
}
@inproceedings{NuriaCollimator2015,
  title = {{Design Study and Construction of a Transverse Beam Halo Collimation System for ATF2}},
  year = {2015},
  author = {{N. Fuster-Martinez et al.}},
  organization = {{Proc. 6th International Particle Accelerator Conference, Richmond, VA, USA, paper WEPMN059}},
  note = {ISBN: 978-3-95450-168-7},
  url = {http://jacow.org/IPAC2015/papers/wepmn059.pdf}
}
@PHDTHESIS{Nuria_Thesis,
      author       = {{N. Fuster-Martinez}},
      title        = {{Beam Halo Collimation and Induced Wakefield Studies for Future Linear Colliders: the ATF2 Case}},
      journal      = {PhD Thesis},
      year         = {2017},
      note         = {{Universidad de Valencia, Instituto de Fisica Corpuscular (IFIC)}},
      keywords     = {Dissertation},
      url          = {http://roderic.uv.es/handle/10550/59295}
}
@misc{Nuria,
  author={{N. Fuster-Martinez (IFIC, CERN)}},
  title={{ATF2 collaboration, measurements using the vertical beam halo collimator}},
  howpublished={Private communication},
  year={2016-2017}
}
@MISC{RHUL_detector_wiki,
    author = {{L. Nevay (RHUL)}},
    title = {{2015 06 Visit to ATF2}},
    year = {2016},
    month = feb,
    howpublished = {\url{https://twiki.ph.rhul.ac.uk/twiki/bin/view/PP/JAI/ATF2201506visit}}
}
@MISC{BDSIM,
    author = {{Beam Delivery Simulation (BDSIM), Royal Holloway, University of London}},
    title = {{BDSIM}},
    year = {2017},
    month = dec,
    howpublished = {\url{http://www.pp.rhul.ac.uk/bdsim/manual/}}
}
@book{Hamamatsu,
	author = {{Hamamatsu Photonics K.K. Editorial Committee}},
	title = {{PHOTOMULTIPLIER TUBES - Basics and Applications}},
	publisher = {{Hamamatsu Photonics K.K. Electron Tube Division}},
	month = aug,
	year = {2007},
	note = {{Third Edition (Edition 3a with minor revisions)}}
}
@MISC{MADX,
    author = {{CERN - BE/ABP Accelerator Beam Physics Group}},
    title = {{MAD - Methodical Accelerator Design}},
    year = {2018},
    month = mar,
    howpublished = {\url{http://madx.web.cern.ch/madx/}}
}

@article{FLUKA,
title = {{The FLUKA Code: Developments and Challenges for High Energy and Medical Applications}},
journal = "Nuclear Data Sheets",
volume = "120",
pages = "211 - 214",
year = "2014",
issn = "0090-3752",
doi = "https://doi.org/10.1016/j.nds.2014.07.049",
url = "http://www.sciencedirect.com/science/article/pii/S0090375214005018",
author = {{T. Böhlen et al.}}
}
@article{FLUKA2,
      author         = {{A. Ferrari et al.}},
      title          = "{FLUKA: a multi-particle transport code}",
      journal   = {{CERN-2005-010, SLAC-R-773, INFN-TC-05-11}},
      year = {2015}
}
@article{FLAIR,
author = {{V. Vlachoudis}},
year = {2009},
month = {04},
title = {{FLAIR: A Powerful But User Friendly Graphical Interface For FLUKA}},
journal = {{Proc. Int. Conf. on Mathematics, Computational Methods \& Reactor Physics (M\&C 2009), Saratoga Springs, New York}}
}
@misc{BeamDumpSpecs,
  author       = {{B. List}}, 
  title        = {{ILC Beam Dump Specifications}},
  howpublished = "EDMS No: D*1145045",
  year         = 2016,
  month	       = sep
}
@techreport{Smith_drawings,
  author = {{B. Smith}},
  title = {{0-TB-0067-300-00-A, 0-TB-0067-210-00-A, 0-TB-0067-404-00-A, 0-TB-0067-410-00-A}},
  institution = {{Rutherford Appleton Laboratory}},
  year = {2006 - 2007}
}
@techreport{Dump_report,
  author = {{B. Smith}},
  title = {{18MW Water Beam Dump Concept}},
  institution = {{CCLRC Technology Department - Project Engineering Division - Mechanical Design Group}},
  year = {2007},
  month = jan,
  note = {{Report no. 088-D-006-01}}
}
@article{concrete,
author = {{K. Okuno et al.}},
year = {2014},
month = jan,
pages = {619-622},
title = {{Application of neutron shield concrete to neutron scattering instrument TAIKAN in J-PARC}},
volume = {4},
journal = {{Progress in Nuclear Science and Technology}}
}
@misc{Strahlenschutz,
  author       = {{Bundesamt f\"ur Strahlenschutz}}, 
  title        = {{Ionisierende Strahlung, Grenzwerte im Strahlenschutz}},
  year         = {2017},
  month        = nov,
  howpublished = {\url{https://www.bfs.de/DE/themen/ion/strahlenschutz/grenzwerte/grenzwerte.html}}
}
@misc{neutron_resonances,
  author       = {{Los Alamos National Security, LLC for the U.S. Department of Energy's NNSA}}, 
  title        = {{US standard ENDF/B data}},
  year         = {2011},
  howpublished = {\url{https://t2.lanl.gov/nis/data/endf/}}
}
@book{neutron_resonances2,
      author        = "{S. Mughabghab}",
      title         = "{Atlas of neutron resonances; 6th ed.}",
      publisher     = "Elsevier",
      address       = "Amsterdam",
      year          = "2018",
      url           = "https://cds.cern.ch/record/2291455"
}
@misc{EXT_lattice,
  author       = {{John Adams Institute for Accelerator Science at the Royal Holloway Univeristy of London}}, 
  title        = {{BDSIM ILC model}},
  year         = 2016,
  howpublished = {\url{https://bitbucket.org/jairhul/bdsim-ilc-model/src/3175c75648e8/bdsimTwiss-model/20160713/0_linearOptics/?at=master}}
}
@misc{EXT_lattice2,
  author       = {{G. White}}, 
  title        = {{ILC lattice, Beam Delivery}},
  year         = 2016,
  howpublished = {\url{https://bitbucket.org/whitegr/ilc-lattices/src/2d4fbf42e87638cca85f0a7fedd946b92bada923/deckfiles/BeamDelivery/ilc621.edl1.xsif?at=master&fileviewer=file-view-default}}
}
@article{EXT_design,
author = {{K. Moffeit et al.}},
year = {2007},
month = mar,
title = {{Proposal to modify the polarimeter chicane in the ILC 14 mrad extraction line}},
journal = {{SLAC-PUB-12425}},
url = {http://slac.stanford.edu/pubs/slacpubs/12250/slac-pub-12425.pdf}
}
@article{EXT_design2,
author = {{E. Marin et al.}},
year = {2014},
month = apr,
title = {{ILC Extraction Line Simulations with TDR Parameters}},
journal = {{SLAC-PUB-15938}},
url = {http://www.slac.stanford.edu/cgi-wrap/getdoc/slac-pub-15938.pdf}
}
@article{GDR,
  title = {Measurements of the giant dipole resonance with monoenergetic photons},
  author = {{B. Berman, S. Fultz}},
  journal = {Rev. Mod. Phys.},
  volume = {47},
  issue = {3},
  pages = {713-761},
  numpages = {0},
  year = {1975},
  month = jul,
  publisher = {American Physical Society},
  doi = {10.1103/RevModPhys.47.713},
  url = {http://link.aps.org/doi/10.1103/RevModPhys.47.713}
}
@book{TESLA_acc,
      editor       = {{F. Richard et al.}},
      title        = {{TESLA}: {T}he superconducting electron-positron linear
                      collider with an integrated {X}-ray laser laboratory.
                      {T}echnical design report. {P}t. 1: {E}xecutive summary},
      address      = {Hamburg},
      publisher    = {DESY},
      isbn         = {3935702019},
      year         = {2001},
      url          = {https://bib-pubdb1.desy.de/record/352463}
}
@misc{TESLA_beamdump_studies,
  author       = {{N. Tesch}}, 
  title        = {{ILC at DESY, Radiation Protection and Beam Dumps}},
  year         = {2006},
  howpublished = {\url{http://www.desy.de/d3/html/ilc.html}}
}
@misc{TunnelCost,
  author={{B. List, N. Walker (DESY)}},
  title={{Cost estimation for tunnel construction}},
  howpublished={Private communication},
  year={2018},
  month=apr
}
